@book{griffen1969a,
  author = {Griffen, William B.},
  date = {1969},
  title = {Culture Change and Shifting Populations in Central Northern Mexico},
  volume = {},
  publisher = {University of Arizona, Press},
  issue = {Anthropological Papers of the University of Arizona, no. 13},
  language = {en},
  address = {Tucson, AZ}
}

@ARTICLE{Simpson1953-ob,
  title     = "{The Hopi Indians}",
  author    = "Simpson, Ruth Deette",
  journal   = "Southwest Museum Leaflets",
  publisher = "Southwest Museum",
  volume    =  1,
  number    =  25,
  year      =  1953,
  address   = "Los Angeles",
  language  = "en"
}

@INCOLLECTION{Fewkes1898-oj,
  title     = "{Archaeological {Expedition} to {Arizona} in 1895}",
  booktitle = "{Seventeenth {Annual} {Report} of the {Bureau} of {American}
               {Ethnology}}",
  author    = "Fewkes, Jesse Walter",
  editor    = "Powell, J W",
  publisher = "Smithsonian Institution",
  year      =  1898,
  address   = "Washington, D.C."
}

@BOOK{Beaglehole1936-ul,
  title     = "{Hopi Hunting and Hopi Ritual}",
  author    = "Beaglehole, Ernest",
  publisher = "Yale University Press",
  series    = "Yale University Publication in Anthropology No. 4",
  year      =  1936,
  address   = "New Haven, CT",
  language  = "en"
}

@BOOK{Parsons1939-xg,
  title     = "{Pueblo Indian Religion}",
  author    = "Parsons, Elsie Clews",
  publisher = "University of Chicago Press",
  year      =  1939,
  address   = "Chicago",
  language  = "English"
}

@PHDTHESIS{Dittert1959-rz,
  title  = "{Culture Change in the Cebolleta Mesa Region Central Western New
            Mexico}",
  author = "Dittert, Alfred E",
  year   =  1959,
  school = "Ph.D. dissertation, Department of Anthropology, University of
            Arizona, Tucson, Arizona"
}

@INCOLLECTION{Radin1923-gf,
  title     = "{The Winnebago Tribe}",
  booktitle = "{Thirty Seventh Annual Report of the Bureau of American Ethnology
               to the Secretary of the Smithsonian Institution 1915--1916}",
  author    = "Radin, Paul",
  editor    = "Hodge, F W",
  publisher = "United States Government Printing Office",
  pages     = "33--560",
  year      =  1923,
  address   = "Washington, D.C",
  language  = "en"
}

@INCOLLECTION{Hoffman1896-xl,
  title     = "{The Menomini Indians}",
  booktitle = "{The Fourteenth Annual Report of the Bureau of Ethnology to the
               Secretary of the Smithsonian Institution 1892--1893 pt 1}",
  author    = "Hoffman, Walter James",
  editor    = "Powell, J W",
  publisher = "Government Printing Office",
  pages     = "11--338",
  year      =  1896,
  address   = "Washington, D.C."
}

@BOOK{Mauss1966-nm,
  title     = "{The Gift: Forms and Functions of Exchange in Archaic Societies}",
  author    = "Mauss, Marcel",
  publisher = "Cohen \& West",
  year      =  1966,
  address   = "London"
}

@INCOLLECTION{Nishiaki2013-lc,
  title     = "{``Gifting'' As a Means of Cultural Transmission: The
               Archaeological Implications of Bow-and-Arrow Technology in Papua
               New Guinea}",
  booktitle = "{Dynamics of Learning in Neanderthals and Modern Humans Volume 1:
               Cultural Perspectives}",
  author    = "Nishiaki, Yoshihiro",
  editor    = "Akazawa, Takeru and Nishiaki, Yoshihiro and Aoki, Kenichi",
  publisher = "Springer Japan",
  pages     = "173--185",
  year      =  2013,
  url       = "https://doi.org/10.1007/978-4-431-54511-8_10",
  address   = "Tokyo",
  isbn      = "9784431545118",
  doi       = "10.1007/978-4-431-54511-8\_10"
}

@ARTICLE{Peeples2013-tj,
  title   = "{To Binarize or not to Binarize: Relational Data and the
             Construction of Archaeological Networks}",
  author  = "Peeples, Matthew A and Roberts, John M",
  journal = "Journal of Archaeological Science",
  volume  =  40,
  number  =  7,
  pages   = "3001--3010",
  month   =  jul,
  year    =  2013,
  url     = "http://linkinghub.elsevier.com/retrieve/pii/S0305440313001040",
  issn    = "0305-4403",
  doi     = "10.1016/j.jas.2013.03.014"
}

@BOOK{Doelle1992-lu,
  title     = "{Research Design for the Roosevelt Community Development Study}",
  author    = "Doelle, William H and Wallace, Henry D and Elson, Mark D and
               Craig, Douglas B",
  publisher = "Center for Desert Archaeology",
  volume    = "Anthropological Papers ,12",
  year      =  1992,
  address   = "Tucson, Arizona"
}

@ARTICLE{Ciolek-Torrello1994-ds,
  title     = "{The Roosevelt Rural Sites Study: Prehistoric Rural Settlements
               in the Tonto Basin}",
  author    = "Ciolek-Torrello, Richard and Shelley, Steven D and Benaron, Su",
  journal   = "Statistical Researh Technical Series",
  publisher = "Statistical Research, Inc",
  number    =  28,
  year      =  1994,
  address   = "Tucson",
  language  = "en"
}

@BOOK{Ahlstrom1991-eb,
  title     = "{The Roosevelt Bajada Survey, Tonto Basin, Gila County, Arizona}",
  author    = "Ahlstrom, Richard V N and Chenault, Mark L and Anderson, Kirk C",
  publisher = "SWCA, Inc. Environmental Consultants",
  series    = "Report No. 91-24",
  year      =  1991,
  address   = "Tucson"
}

@ARTICLE{Wiessner1983-ei,
  title     = "{Style and Social Information in Kalahari San Projectile Points}",
  author    = "Wiessner, Polly",
  journal   = "American Antiquity",
  publisher = "Cambridge University Press",
  volume    =  48,
  number    =  2,
  pages     = "253--276",
  year      =  1983,
  url       = "https://www.cambridge.org/core/journals/american-antiquity/article/style-and-social-information-in-kalahari-san-projectile-points/52D6230881B0C69260ABE226BD82EC0E",
  language  = "en",
  issn      = "0002-7316, 2325-5064",
  doi       = "10.2307/280450"
}

@ARTICLE{Loendorf2015-ww,
  title     = "{Warfare and Big Game Hunting: Flaked-Stone Projectile Points
               Along the Middle Gila River in Arizona}",
  author    = "Loendorf, Chris and Simon, Lynn and Dybowski, Daniel and Kyle
               Woodson, M and Scott Plumlee, R and Tiedens, Shari and Withrow,
               Michael",
  journal   = "Antiquity",
  publisher = "Cambridge University Press",
  volume    =  89,
  pages     = "940--953",
  month     =  aug,
  year      =  2015,
  url       = "https://www.cambridge.org/core/journals/antiquity/article/warfare-and-big-game-hunting-flakedstone-projectile-points-along-the-middle-gila-river-in-arizona/F8FAF746DA28A11D0A051E3BDC6BB023",
  language  = "en",
  issn      = "0003-598X, 1745-1744",
  doi       = "10.15184/aqy.2015.28"
}

@MISC{Peeples2017-kl,
  title     = "{Network Science and Statistical Techniques for Dealing with
               Uncertainties in Archaeological Datasets}",
  author    = "Peeples, Matthew A",
  publisher = "Electronic document, http://www.mattpeeples.net/netstats.html,
               accessed April, 21, 2018",
  year      =  2017
}

@BOOK{Lave1991-ik,
  title     = "{Situated Learning: Legitimate Peripheral Participation}",
  author    = "Lave, Jean and Wenger, Etienne",
  publisher = "Cambridge University Press",
  year      =  1991,
  url       = "https://market.android.com/details?id=book-CAVIOrW3vYAC",
  address   = "Cambridge",
  language  = "en",
  isbn      = "9780521423748"
}

@BOOK{Wenger1998-rx,
  title     = "{Communities of Practice: Learning, Meaning, and Identity}",
  author    = "Wenger, Etienne",
  publisher = "Cambridge University Press",
  volume    =  9,
  year      =  1998,
  url       = "https://valenciacollege.edu/faculty/development/teaching-learning-academy/documents/CommunityofPractice.pdf",
  address   = "Cambridge"
}

@ARTICLE{Brubaker2000-na,
  title     = "{Beyond 'identity'}",
  author    = "Brubaker, Rogers and Cooper, Frederick",
  journal   = "Theory and Society",
  publisher = "JSTOR",
  volume    =  29,
  number    =  1,
  pages     = "1--47",
  year      =  2000,
  url       = "https://www.jstor.org/stable/3108478",
  issn      = "0304-2421, 1573-7853"
}

@BOOK{Neuzil2008-zd,
  title     = "{In the {Aftermath} of {Migration}: {Renegotiating} {Ancient}
               {Identity} in {Southeastern} {Arizona}}",
  author    = "Neuzil, Anna A",
  publisher = "University of Arizona Press",
  series    = "Anthropological Papers of the University of Arizona No. 73",
  year      =  2008,
  address   = "Tucson"
}

@INCOLLECTION{Lyons2012-pr,
  title     = "{Ceramic Typology, Chronology, Production, and Circulation}",
  booktitle = "{Mounds and Migrants: Late Prehistoric Archaeology of the Lower
               San Pedro River Valley, Arizona}",
  author    = "Lyons, Patrick D and Clark, Jeffery J",
  editor    = "Clark, Jeffery J and Lyons, Patrick D",
  publisher = "Archaeology Southwest",
  pages     = "211--308",
  year      =  2012,
  address   = "Tucson",
  language  = "en"
}

@INCOLLECTION{Huntley2016-em,
  title     = "{Movement of people and pots in the Upper Gila Region of the
               American Southwest}",
  booktitle = "{How, Why and Beyond: Exploring Cause and Explanation in
               Historical Ecology, Demography and Movement}",
  author    = "Huntley, Deborah L and Clark, Jeffery J and Ownby, Mary and
               Herhahn, Cynthia L and Ramenofsky, Ann F",
  publisher = "University Press of Colorado",
  pages     = "275--295",
  year      =  2016,
  address   = "Boulder",
  language  = "en"
}

@ARTICLE{Hill2015-at,
  title     = "{The 'collapse' of cooperative Hohokam irrigation in the Lower
               Salt River Valley}",
  author    = "Hill, J Brett and Lyons, Patrick D and Clark, Jeffery J and
               Doelle, William H",
  journal   = "Journal of the Southwest",
  publisher = "JSTOR",
  volume    =  57,
  number    =  4,
  pages     = "689--716",
  year      =  2015,
  url       = "https://www.jstor.org/stable/26310200",
  issn      = "0894-8410, 2158-1371"
}

@ARTICLE{Borgatti2005-iz,
  title   = "{Centrality and Network Flow}",
  author  = "Borgatti, Stephen P",
  journal = "Social Networks",
  volume  =  27,
  number  =  1,
  pages   = "55--71",
  year    =  2005,
  url     = "http://www.sciencedirect.com/science/article/pii/S0378873304000693",
  issn    = "0378-8733",
  doi     = "10.1016/j.socnet.2004.11.008"
}

@ARTICLE{Brodka2018-vz,
  title    = "{Quantifying Layer Similarity in Multiplex Networks: a Systematic
              Study}",
  author   = "Br{\'o}dka, Piotr and Chmiel, Anna and Magnani, Matteo and
              Ragozini, Giancarlo",
  journal  = "Royal Society Open Science",
  volume   =  5,
  number   =  8,
  pages    = "171747",
  year     =  2018,
  url      = "http://dx.doi.org/10.1098/rsos.171747",
  language = "en",
  issn     = "2054-5703",
  pmid     = "30224981",
  doi      = "10.1098/rsos.171747",
  pmc      = "PMC6124071"
}

@ARTICLE{Kivela2014-mh,
  title     = "{Multilayer Networks}",
  author    = "Kivel{\"a}, Mikko and Arenas, Alex and Barthelemy, Marc and
               Gleeson, James P and Moreno, Yamir and Porter, Mason A",
  journal   = "Journal of Complex Networks",
  publisher = "Oxford Academic",
  volume    =  2,
  number    =  3,
  pages     = "203--271",
  year      =  2014,
  url       = "https://academic.oup.com/comnet/article-abstract/2/3/203/2841130",
  issn      = "2051-1310",
  doi       = "10.1093/comnet/cnu016"
}

@MISC{Mills2020-tb,
  title     = "{CyberSW Version 1.0}",
  author    = "Mills, Barbara and Ram, Sudha and Clark, Jeffery and Ortman,
               Scott and Peeples, Matthew",
  publisher = "Archaeology Southwest",
  year      =  2020,
  url       = "https://cybersw.org/",
  address   = "Tucson",
  language  = "en"
}

@ARTICLE{Jaccard1912-na,
  title     = "{The distribution of the flora in the alpine zone}",
  author    = "Jaccard, Paul",
  journal   = "The New Phytologist",
  publisher = "Wiley",
  volume    =  11,
  number    =  2,
  pages     = "37--50",
  month     =  feb,
  year      =  1912,
  url       = "https://onlinelibrary.wiley.com/doi/10.1111/j.1469-8137.1912.tb05611.x",
  language  = "en",
  issn      = "0028-646X, 1469-8137",
  doi       = "10.1111/j.1469-8137.1912.tb05611.x"
}

@BOOK{Broodbank2000-pg,
  title     = "{An Island Archaeology of the Early Cyclades}",
  author    = "Broodbank, Cyprian",
  publisher = "Cambridge University Press",
  year      =  2000,
  url       = "https://play.google.com/store/books/details?id=qbYiW13TJ6UC",
  language  = "en",
  isbn      = "9780521528443"
}

@BOOK{Collar2013-fb,
  title     = "{Religious Networks in the Roman Empire: The Spread of New Ideas}",
  author    = "Collar, Anna",
  publisher = "Cambridge University Press",
  month     =  dec,
  year      =  2013,
  url       = "https://play.google.com/store/books/details?id=Av5GAgAAQBAJ",
  language  = "en",
  isbn      = "9781107729711"
}

@ARTICLE{Terrell1977-co,
  title    = "{Human biogeography in the Solomon Islands}",
  author   = "Terrell, John E",
  journal  = "Fieldiana. Anthropology",
  volume   =  68,
  number   =  1,
  pages    = "1--47",
  year     =  1977,
  language = "nl",
  issn     = "0071-4739"
}

@ARTICLE{Terrell2010-hd,
  title    = "{Language and Material Culture on the Sepik Coast of Papua New
              Guinea: Using Social Network Analysis to Simulate, Graph,
              Identify, and Analyze Social and Cultural Boundaries Between
              Communities}",
  author   = "Terrell, J E",
  journal  = "The Journal of Island and Coastal Archaeology",
  volume   =  5,
  number   =  1,
  pages    = "3--32",
  year     =  2010,
  language = "en"
}

@ARTICLE{Birch2018-xx,
  title   = "{Social Networks and Northern Iroquoian Confederacy Dynamics}",
  author  = "Birch, Jennifer and Hart, John P",
  journal = "American Antiquity",
  volume  =  83,
  number  =  1,
  pages   = "13--33",
  month   =  jan,
  year    =  2018,
  url     = "https://www.cambridge.org/core/product/identifier/S0002731617000592/type/journal_article",
  issn    = "0002-7316",
  doi     = "10.1017/aaq.2017.59"
}

@ARTICLE{Golitko2015-we,
  title    = "{Procurement and distribution of pre-Hispanic Mesoamerican
              obsidian 900 BC--AD 1520: A Social Network Analysis}",
  author   = "Golitko, M and Feinman, G M",
  journal  = "Journal of Archaeological Method and Theory",
  volume   =  22,
  pages    = "206--247",
  year     =  2015,
  language = "en"
}

@ARTICLE{Borck2015-jy,
  title    = "{Are {Social} {Networks} {Survival} {Networks}? {An} {Example}
              from the {Late} {Pre}-{Hispanic} {US} {Southwest}}",
  author   = "Borck, Lewis and Mills, Barbara J and Peeples, Matthew A and
              Clark, Jeffery J",
  journal  = "Journal of Archaeological Method and Theory",
  volume   =  22,
  number   =  1,
  pages    = "33--57",
  month    =  mar,
  year     =  2015,
  url      = "https://doi.org/10.1007/s10816-014-9236-5",
  language = "en",
  issn     = "1573-7764, 1573-7764",
  doi      = "10.1007/s10816-014-9236-5"
}

@BOOK{Peeples2018-ib,
  title     = "{Connected {Communities}: {Networks}, {Identity}, and {Social}
               {Change} in the {Ancient} {Cibola} {World}}",
  author    = "Peeples, Matthew A",
  publisher = "University of Arizona Press",
  year      =  2018,
  url       = "https://market.android.com/details?id=book-fyw-DwAAQBAJ",
  address   = "Tucson",
  language  = "en",
  isbn      = "9780816535682"
}

@ARTICLE{Lulewicz2019-lu,
  title    = "{The social networks and structural variation of Mississippian
              sociopolitics in the southeastern United States}",
  author   = "Lulewicz, Jacob",
  journal  = "Proceedings of the National Academy of Sciences of the United
              States of America",
  volume   =  116,
  number   =  14,
  pages    = "6707--6712",
  month    =  apr,
  year     =  2019,
  url      = "http://dx.doi.org/10.1073/pnas.1818346116",
  language = "en",
  issn     = "0027-8424, 1091-6490",
  pmid     = "30782833",
  doi      = "10.1073/pnas.1818346116",
  pmc      = "PMC6452664"
}


@ARTICLE{Cochrane2010-oa,
  title    = "{Phylogenetic analyses of Lapita decoration do not support
              branching evolution or regional population structure during
              colonization of Remote Oceania}",
  author   = "Cochrane, Ethan E and Lipo, Carl P",
  journal  = "Philosophical transactions of the Royal Society of London. Series
              B, Biological sciences",
  volume   =  365,
  number   =  1559,
  pages    = "3889--3902",
  month    =  dec,
  year     =  2010,
  url      = "http://dx.doi.org/10.1098/rstb.2010.0091",
  language = "en",
  issn     = "0962-8436, 1471-2970",
  pmid     = "21041213",
  doi      = "10.1098/rstb.2010.0091",
  pmc      = "PMC2981915"
}


@INCOLLECTION{Mills2013-wq,
  title     = "{The Dynamics of Social Networks in the Late Prehispanic U.S.
               Southwest}",
  booktitle = "{Network Analysis in Archaeology: New Approaches to Regional
               Interaction}",
  author    = "Mills, Barbara J and Roberts, Jr., John M and Clark, Jeffery J
               and Haas, Jr., William R and Huntley, Deborah L and Peeples,
               Matthew A and Trowbridge, Meaghan and Borck, Lewis and Ryan,
               Susan C and Breiger, Ronald L",
  editor    = "Knappett, Carl",
  publisher = "Oxford University Press",
  pages     = "181--202",
  year      =  2013,
  address   = "Oxford",
  language  = "en"
}

@INCOLLECTION{Rice1994-rk,
  title     = "Projectile Points, Bifaces, and Drills",
  booktitle = "Archaeology of the {Salado} in the {Livingston} Area of {Tonto
               Basin}, {Roosevelt Platform Mound Study}: Report on the
               {Livingston Management Group, Pinto Creek Complex}. Part 2",
  author    = "Rice, Glen E",
  editor    = "Rice, Glen E",
  publisher = "Department of Anthropology, Arizona State University",
  pages     = "727--738",
  series    = "Roosevelt Monograph Series 3",
  year      =  1994,
  url       = "http://dx.doi.org/10.6067/XCV8HT2R9N",
  address   = "Tempe",
  doi       = "10.6067/XCV8HT2R9N"
}

@UNPUBLISHED{Bischoff2022-rg,
  title   = "{Geometric Morphometric Analysis of Projectile Points from the
             Southwest United States}",
  author  = "Bischoff, Robert J",
  journal = "SocArXiv Papers",
  number  =  1,
  month   =  sep,
  year    =  2022,
  url     = "https://osf.io/preprints/socarxiv/a6wjc/"
}

@ARTICLE{Watts2013-ub,
  title     = "{Traces of the Individual in Prehistory: Flintknappers and the
               Distribution of Projectile Points in the Eastern Tonto Basin,
               Arizona}",
  author    = "Watts, Joshua",
  journal   = "Advances in Archaeological Practice",
  publisher = "Cambridge University Press",
  volume    =  1,
  number    =  1,
  pages     = "25--36",
  month     =  aug,
  year      =  2013,
  url       = "https://www.cambridge.org/core/journals/advances-in-archaeological-practice/article/traces-of-the-individual-in-prehistory/7941C0F225A22D6D9707A6165FC4E5B0",
  issn      = "2326-3768",
  doi       = "10.7183/2326-3768.1.1.25"
}

@ARTICLE{Lyons2006-to,
  title   = "{Perforated Plates and the Salado Phenomenon}",
  author  = "Lyons, Patrick D and Lindsay, Jr., Alexander Johnston",
  journal = "The Kiva",
  volume  =  72,
  number  =  1,
  pages   = "5--54",
  year    =  2006,
  issn    = "0023-1940"
}

@BOOK{Lyons2003-yy,
  title     = "{Ancestral {Hopi} {Migrations}}",
  author    = "Lyons, Patrick D",
  publisher = "University of Arizona Press",
  series    = "Anthropological Paper Number 68",
  edition   = "First Edition edition",
  year      =  2003,
  address   = "Tucson",
  language  = "English",
  isbn      = "9780816522804"
}


@BOOK{Rice1998-ku,
  title     = "{A {Synthesis} of {Tonto} {Basin} {Prehistory}: {The} {Roosevelt}
               {Archaeology} {Studies}, 1989 to 1998}",
  editor    = "Rice, Glen E.",
  publisher = "Arizona State University, Office of Cultural Resource
               Management, Dept. of Anthropology",
  series    = "Roosevelt Monograph Series 10 Anthropological Field Studies 40",
  year      =  1998,
  address   = "Tempe",
  isbn      = "9781886067004"
}


@BOOK{Clark2001-ck,
  title     = "{Tracking {Prehistoric} {Migrations}: {Pueblo} {Settlers} {Among}
               the {Tonto} {Basin} {Hohokam}}",
  author    = "Clark, Jeffery J",
  publisher = "University of Arizona Press",
  volume    =  65,
  series    = "Anthropological Papers of the University of Arizona",
  year      =  2001,
  url       = "https://play.google.com/store/books/details?id=27Tk3xNT-6UC",
  address   = "Tucson",
  language  = "en",
  isbn      = "9780816520879"
}


@INCOLLECTION{Stark1998-mu,
  title     = "{Social Boundaries and Technical Choices in Tonto Basin
               Prehistory}",
  booktitle = "{The Archaeology of Social Boundaries}",
  author    = "Stark, Miriam T and Elson, Mark D and Clark, Jeffrey J",
  editor    = "Stark, Miriam T",
  publisher = "Smithsonian Institution Press",
  pages     = "208--231",
  year      =  1998,
  address   = "Washington, D.C",
  language  = "en"
}

